@inproceedings{brandt2017approximating,
  title={Approximating Small Balanced Vertex Separators in Almost Linear Time},
  author={Brandt, Sebastian and Wattenhofer, Roger},
  booktitle={Workshop on Algorithms and Data Structures},
  pages={229--240},
  year={2017},
  organization={Springer}
}

@inproceedings{ghaffari2016distributed,
  title={Distributed algorithms for planar networks ii: Low-congestion shortcuts, mst, and min-cut},
  author={Ghaffari, Mohsen and Haeupler, Bernhard},
  booktitle={Proceedings of the twenty-seventh annual ACM-SIAM symposium on Discrete algorithms},
  pages={202--219},
  year={2016},
  organization={SIAM}
}

@inproceedings{haeupler2018round,
  title={Round-and message-optimal distributed graph algorithms},
  author={Haeupler, Bernhard and Hershkowitz, D Ellis and Wajc, David},
  booktitle={Proceedings of the 2018 ACM Symposium on Principles of Distributed Computing},
  pages={119--128},
  year={2018},
  organization={ACM}
}

@article{li2018distributed,
  title={Distributed Treewidth Computation},
  author={Li, Jason},
  journal={arXiv preprint arXiv:1805.10708},
  year={2018}
}

@article{bui1992finding,
  title={Finding good approximate vertex and edge partitions is NP-hard},
  author={Bui, Thang Nguyen and Jones, Curt},
  journal={Information Processing Letters},
  volume={42},
  number={3},
  pages={153--159},
  year={1992},
  publisher={Elsevier}
}

@inproceedings{haeupler2016near,
  title={Near-optimal low-congestion shortcuts on bounded parameter graphs},
  author={Haeupler, Bernhard and Izumi, Taisuke and Zuzic, Goran},
  booktitle={International Symposium on Distributed Computing},
  pages={158--172},
  year={2016},
  organization={Springer}
}
@article{北川大貴2019k,
  title={k-コーダルグラフにおける最適な低競合ショートカット},
  author={北川大貴 and 北村直暉 and 大館陽太 and 泉泰介 and others},
  journal={研究報告アルゴリズム (AL)},
  volume={2019},
  number={11},
  pages={1--7},
  year={2019}
}