%%
%% WinShell 3.3.2.4
%% http://www.winshell.org/
%%

% Strings


% Preamble


% BibTeX Entries
@inproceedings{Daniel,
 author  = Daniel Jurafsky, James H.Martin,
 title                = Speechss and Laguage Processing,
 booktitle = Prentice Hall,
 year                 = 2009,
 }

@inproceedings{EDR,
 author  = {Lei Chen,M.Tamer Ozsu},
 title                = {Robust and fast similarity search for moving object trajectories},
 booktitle = {In Special Interest Group on Managemeent of Data},
 pages = {550-559},
 year                 = {2005},
 }
@inproceedings{Leven,
 author  = {Vladimir.I.Levenshtein},
 title                = {binary codes capable of correcting deletions,insertions and reversals},
 booktitle = {Cybernetics and Control Theory},
 pages = {707-710},
 year                 = {1966},
 }
@inproceedings{Dan,
 author  = {Dan Gusfield},
 title                = {Algorithms on strings,tree,and sequences:computer science and computational biology},
 booktitle = {Cambridge University Press},
 year                 = {1997},
 }
@inproceedings{Alex,
 author  = {Alexandr Andoni,Krzysztof Onak},
 title                = {Approximating edit distance in near-linear time},
 booktitle = {In STOC},
 pages = {199-204},
 year                 = {2009},
 }
@inproceedings{Ziv,
 author  = {Ziv Bar-yossef,T.S.Jayram,Robust Krauthgamer,Ravi Kumar},
 title                = {Approximating edit distance efficiently},
 booktitle = {The Institute of Electrical and Electronics Engineers},
 pages = {550-559},
 year                 = {2004},
 }
@inproceedings{Yuval,
 author  = {Yuval Gabni Eyal Kushilevitz,Rafail Ostovsky},
 title                = {Efficient search for approximate nearest neighbor in high dimensional spaces},
 booktitle = {SIAM Journal on Computing},
 pages = {550-559},
 year                 = {2000},
 }