
%%
%% WinShell 3.3.2.4
%% http://www.winshell.org/
%%

% Strings


% Preamble


% BibTeX Entries
@article{lipton1979separator,
  title={A separator theorem for planar graphs},
  author={Lipton, Richard J and Tarjan, Robert Endre},
  journal={SIAM Journal on Applied Mathematics},
  volume={36},
  number={2},
  pages={177--189},
  year={1979},
  publisher={SIAM}
}

@book{bondy1976graph,
  title={Graph theory with applications},
  author={Bondy, John Adrian and Murty, Uppaluri Siva Ramachandra and others},
  volume={290},
  year={1976},
  publisher={Citeseer}
}

@inproceedings{ghaffari2017near,
  title={Near-Optimal Distributed DFS in Planar Graphs},
  author={Ghaffari, Mohsen and Parter, Merav},
  booktitle={LIPIcs-Leibniz International Proceedings in Informatics},
  volume={91},
  year={2017},
  organization={Schloss Dagstuhl-Leibniz-Zentrum fuer Informatik}
}

@inproceedings{Ghaffari:2016:DAP:2933057.2933109,
 author = {Ghaffari, Mohsen and Haeupler, Bernhard},
 title = {Distributed Algorithms for Planar Networks I: Planar Embedding},
 booktitle = {Proceedings of the 2016 ACM Symposium on Principles of Distributed Computing},
 series = {PODC '16},
 year = {2016},
 isbn = {978-1-4503-3964-3},
 location = {Chicago, Illinois, USA},
 pages = {29--38},
 numpages = {10},
 url = {http://doi.acm.org/10.1145/2933057.2933109},
 doi = {10.1145/2933057.2933109},
 acmid = {2933109},
 publisher = {ACM},
 address = {New York, NY, USA},
 keywords = {distributed algorithms, network optimization, planar embedding},
} 

@inproceedings{Haeupler:2016:LSW:2933057.2933112,
 author = {Haeupler, Bernhard and Izumi, Taisuke and Zuzic, Goran},
 title = {Low-Congestion Shortcuts Without Embedding},
 booktitle = {Proceedings of the 2016 ACM Symposium on Principles of Distributed Computing},
 series = {PODC '16},
 year = {2016},
 isbn = {978-1-4503-3964-3},
 location = {Chicago, Illinois, USA},
 pages = {451--460},
 numpages = {10},
 url = {http://doi.acm.org/10.1145/2933057.2933112},
 doi = {10.1145/2933057.2933112},
 acmid = {2933112},
 publisher = {ACM},
 address = {New York, NY, USA},
 keywords = {bounded-genus graphs, congest model, low-congestion shortcuts, mst, planar graphs},
} 

@inproceedings{abboud2016near,
  title={Near-linear lower bounds for distributed distance computations, even in sparse networks},
  author={Abboud, Amir and Censor-Hillel, Keren and Khoury, Seri},
  booktitle={International Symposium on Distributed Computing},
  pages={29--42},
  year={2016},
  organization={Springer}
}

@inproceedings{Frischknecht:2012:NCC:2095116.2095207,
 author = {Frischknecht, Silvio and Holzer, Stephan and Wattenhofer, Roger},
 title = {Networks Cannot Compute Their Diameter in Sublinear Time},
 booktitle = {Proceedings of the Twenty-third Annual ACM-SIAM Symposium on Discrete Algorithms},
 series = {SODA '12},
 year = {2012},
 location = {Kyoto, Japan},
 pages = {1150--1162},
 numpages = {13},
 url = {http://dl.acm.org/citation.cfm?id=2095116.2095207},
 acmid = {2095207},
 publisher = {Society for Industrial and Applied Mathematics},
 address = {Philadelphia, PA, USA},
} 
